@article{kashyap2015big,
  title={Big data analytics in bioinformatics: A machine learning perspective},
  author={Kashyap, Hirak and Ahmed, Hasin Afzal and Hoque, Nazrul and Roy, Swarup and Bhattacharyya, Dhruba Kumar},
  journal={arXiv preprint arXiv:1506.05101},
  year={2015}
}

@article{huang2017analyzing,
  title={Analyzing large scale genomic data on the cloud with Sparkhit},
  author={Huang, Liren and Kr{\"u}ger, Jan and Sczyrba, Alexander},
  journal={Bioinformatics},
  year={2017}
}

@article{anjum2016identification,
  title={Identification of differentially expressed genes in rna-seq data of arabidopsis thaliana: A compound distribution approach},
  author={Anjum, Arfa and Jaggi, Seema and Varghese, Eldho and Lall, Shwetank and Bhowmik, Arpan and Rai, Anil},
  journal={Journal of Computational Biology},
  volume={23},
  number={4},
  pages={239--247},
  year={2016},
  publisher={Mary Ann Liebert, Inc. 140 Huguenot Street, 3rd Floor New Rochelle, NY 10801 USA}
}

@inproceedings{danaee2017deep,
  title={A deep learning approach for cancer detection and relevant gene identification},
  author={Danaee, Padideh and Ghaeini, Reza and Hendrix, David A},
  booktitle={PACIFIC SYMPOSIUM ON BIOCOMPUTING 2017},
  pages={219--229},
  year={2017},
  organization={World Scientific}
}

@article{yang2017big,
  title={From big data to diagnosis and prognosis: gene expression signatures in liver hepatocellular carcinoma},
  author={Yang, Hong and Zhang, Xin and Cai, Xiao-yong and Wen, Dong-yue and Ye, Zhi-hua and Liang, Liang and Zhang, Lu and Wang, Han-lin and Chen, Gang and Feng, Zhen-bo},
  journal={PeerJ},
  volume={5},
  pages={e3089},
  year={2017},
  publisher={PeerJ Inc.}
}

@article{arevalo2017gated,
  title={Gated Multimodal Units for Information Fusion},
  author={Arevalo, John and Solorio, Thamar and Montes-y-G{\'o}mez, Manuel and Gonz{\'a}lez, Fabio A},
  journal={arXiv preprint arXiv:1702.01992},
  year={2017}
}

@article{yuan2016deepgene,
  title={DeepGene: an advanced cancer type classifier based on deep learning and somatic point mutations},
  author={Yuan, Yuchen and Shi, Yi and Li, Changyang and Kim, Jinman and Cai, Weidong and Han, Zeguang and Feng, David Dagan},
  journal={BMC bioinformatics},
  volume={17},
  number={17},
  pages={476},
  year={2016},
  publisher={BioMed Central}
}

@article{ahmed2017modern,
  title={Modern Data Formats for Big Bioinformatics Data Analytics},
  author={Ahmed, Shahzad and Ali, M Usman and Ferzund, Javed and Sarwar, Muhammad Atif and Rehman, Abbas and Mehmood, Atif},
  journal={arXiv preprint arXiv:1707.05364},
  year={2017}
}

@article{vincent2010stacked,
  title={Stacked denoising autoencoders: Learning useful representations in a deep network with a local denoising criterion},
  author={Vincent, Pascal and Larochelle, Hugo and Lajoie, Isabelle and Bengio, Yoshua and Manzagol, Pierre-Antoine},
  journal={Journal of machine learning research},
  volume={11},
  number={Dec},
  pages={3371--3408},
  year={2010}
}

@article{ng2008expert,
  title={Expert networks with mixed continuous and categorical feature variables: a location modeling approach},
  author={Ng, Shu-Kay and McLachlan, G},
  journal={Machine Learning Research Progress, Nova Science, Hauppauge, New York},
  pages={1--14},
  year={2008},
  publisher={Citeseer}
}

@article{schwabgranger,
  title={Granger-causal Attentive Mixtures of Experts: Learning Important Features with Neural Networks},
  author={Schwab, Patrick and de Miladinovic, {\DH}or and Karlen, Walter}
}

@article{le2010integrative,
  title={Integrative mixture of experts to combine clinical factors and gene markers},
  author={L{\^e} Cao, Kim-Anh and Meugnier, Emmanuelle and McLachlan, Geoffrey J},
  journal={Bioinformatics},
  volume={26},
  number={9},
  pages={1192--1198},
  year={2010},
  publisher={Oxford University Press}
}

@book{weiss1991computer,
  title={Computer systems that learn: classification and prediction methods from statistics, neural nets, machine learning, and expert systems},
  author={Weiss, Sholom M and Kulikowski, Casimir A},
  year={1991},
  publisher={Morgan Kaufmann Publishers Inc.}
}

@article{cirecsan2012multi,
  title={Multi-column deep neural networks for image classification},
  author={Cire{\c{s}}an, Dan and Meier, Ueli and Schmidhuber, J{\"u}rgen},
  journal={arXiv preprint arXiv:1202.2745},
  year={2012}
}

@article{hinton2012deep,
  title={Deep neural networks for acoustic modeling in speech recognition: The shared views of four research groups},
  author={Hinton, Geoffrey and Deng, Li and Yu, Dong and Dahl, George E and Mohamed, Abdel-rahman and Jaitly, Navdeep and Senior, Andrew and Vanhoucke, Vincent and Nguyen, Patrick and Sainath, Tara N and others},
  journal={IEEE Signal processing magazine},
  volume={29},
  number={6},
  pages={82--97},
  year={2012},
  publisher={IEEE}
}

@article{collobert2011natural,
  title={Natural language processing (almost) from scratch},
  author={Collobert, Ronan and Weston, Jason and Bottou, L{\'e}on and Karlen, Michael and Kavukcuoglu, Koray and Kuksa, Pavel},
  journal={Journal of Machine Learning Research},
  volume={12},
  number={Aug},
  pages={2493--2537},
  year={2011}
}

